@book{kloeden2013numerical,
  title={Numerical solution of stochastic differential equations},
  author={Kloeden, Peter E and Platen, Eckhard},
  volume={23},
  year={2013},
  publisher={Springer Science \& Business Media}
}
@article{jourdain2007nonlinear,
  title={Nonlinear {SDE}s driven by {L}$\backslash$'evy processes and related {PDE}s},
  author={Jourdain, Benjamin and M{\'e}l{\'e}ard, Sylvie and Woyczynski, Wojbor},
  journal={arXiv preprint arXiv:0707.2723},
  year={2007}
}
@article{carrillo2006contractions,
  title={Contractions in the 2-{W}asserstein length space and thermalization of granular media},
  author={Carrillo, Jos{\'e} A and McCann, Robert J and Villani, C{\'e}dric},
  journal={Archive for Rational Mechanics and Analysis},
  volume={179},
  number={2},
  pages={217--263},
  year={2006},
  publisher={Springer}
}
@article{jordan1998variational,
  title={The variational formulation of the {F}okker--{P}lanck equation},
  author={Jordan, Richard and Kinderlehrer, David and Otto, Felix},
  journal={SIAM Journal on Mathematical Analysis},
  volume={29},
  number={1},
  pages={1--17},
  year={1998},
  publisher={SIAM}
}
@article{down1995exponential,
  title={Exponential and uniform ergodicity of {M}arkov processes},
  author={Down, Douglas and Meyn, Sean P and Tweedie, Richard L},
  journal={The Annals of Probability},
  pages={1671--1691},
  year={1995},
  publisher={JSTOR}
}
@article{otto2001geometry,
  title={The geometry of dissipative evolution equations: the porous medium equation},
  author={Otto, Felix},
  year={2001},
  publisher={Taylor \& Francis}
}
@book{ambrosio2008gradient,
  title={Gradient flows: in metric spaces and in the space of probability measures},
  author={Ambrosio, Luigi and Gigli, Nicola and Savar{\'e}, Giuseppe},
  year={2008},
  publisher={Springer Science \& Business Media}
}
@article{santambrogio2017euclidean,
  title={$\{$Euclidean, metric, and Wasserstein$\}$ gradient flows: an overview},
  author={Santambrogio, Filippo},
  journal={Bulletin of Mathematical Sciences},
  volume={7},
  number={1},
  pages={87--154},
  year={2017},
  publisher={Springer}
}
@inproceedings{arbel2019maximum,
  title={Maximum mean discrepancy gradient flow},
  author={Arbel, Michael and Korba, Anna and Salim, Adil and Gretton, Arthur},
  booktitle={Advances in Neural Information Processing Systems},
  pages={6481--6491},
  year={2019}
}
@article{bhattacharya1978criteria,
  title={Criteria for recurrence and existence of invariant measures for multidimensional diffusions},
  author={Bhattacharya, RN },
  journal={The Annals of Probability},
  volume={6},
  number={4},
  pages={541--553},
  year={1978},
  publisher={Institute of Mathematical Statistics}
}
@article{roberts1996exponential,
  title={Exponential convergence of {L}angevin distributions and their discrete approximations},
  author={Roberts, Gareth O and Tweedie, Richard L},
  journal={Bernoulli},
  volume={2},
  number={4},
  pages={341--363},
  year={1996},
  publisher={Bernoulli Society for Mathematical Statistics and Probability}
}
@article{meyn1993stability2,
  title={Stability of {M}arkovian processes {II}: {C}ontinuous-time processes and sampled chains},
  author={Meyn, Sean P and Tweedie, Richard L},
  journal={Advances in Applied Probability},
  volume={25},
  number={3},
  pages={487--517},
  year={1993},
  publisher={Cambridge University Press}
}
@article{meyn1993stability3,
  title={Stability of {M}arkovian processes {III}: {F}oster--{L}yapunov criteria for continuous-time processes},
  author={Meyn, Sean P and Tweedie, Richard L},
  journal={Advances in Applied Probability},
  volume={25},
  number={3},
  pages={518--548},
  year={1993},
  publisher={Cambridge University Press}
}
@article{stroock1969diffusion2,
  title={Diffusion processes with continuous coefficients, {II}},
  author={Stroock, Daniel W and Varadhan, SR Srinivasa},
  journal={Communications on Pure and Applied Mathematics},
  volume={22},
  number={4},
  pages={479--530},
  year={1967},
  publisher={Wiley Online Library}
}
@article{stroock1969diffusion1,
  title={Diffusion processes with continuous coefficients, {I}},
  author={Stroock, Daniel W and Varadhan, Srinivasa RS},
  journal={Communications on Pure and Applied Mathematics},
  volume={22},
  number={3},
  pages={345--400},
  year={1969},
  publisher={Wiley Online Library}
}
@article{tweedie1994topological,
  title={Topological conditions enabling use of {H}arris methods in discrete and continuous time},
  author={Tweedie, Richard L},
  journal={Acta Applicandae Mathematica},
  volume={34},
  number={1-2},
  pages={175--188},
  year={1994},
  publisher={Springer}
}
@article{protter2005stochastic,
  title={Stochastic {I}ntegration and {D}ifferential {E}quations},
  author={Protter, Philip},
  journal={Stochastic Modelling and Applied Probability},
  volume={21},
  year={2005}
}
@article{antonelli2002rate,
  title={Rate of convergence of a particle method to the solution of the {M}c{K}ean--{V}lasov equation},
  author={Antonelli, Fabio and Kohatsu-Higa, Arturo and others},
  journal={The Annals of Applied Probability},
  volume={12},
  number={2},
  pages={423--476},
  year={2002},
  publisher={Institute of Mathematical Statistics}
}
@article{bao2020first,
  title={First order convergence of {M}ilstein schemes for McKean equations and interacting particle systems},
  author={Bao, Jianhai and Reisinger, Christoph and Ren, Panpan and Stockinger, Wolfgang},
  journal={arXiv preprint arXiv:2004.03325},
  year={2020}
}
@article{dos2019freidlin,
  title={Freidlin--{W}entzell {LDP} in path space for {M}c{K}ean--{V}lasov equations and the functional iterated logarithm law},
  author={Dos Reis, Gon{\c{c}}alo and Salkeld, William and Tugaut, Julian and others},
  journal={The Annals of Applied Probability},
  volume={29},
  number={3},
  pages={1487--1540},
  year={2019},
  publisher={Institute of Mathematical Statistics}
}
@article{reis2018simulation,
  title={Simulation of {M}c{K}ean {V}lasov {SDE}s with super linear growth},
  author={Reis, G dos and Engelhardt, STEFAN and Smith, GREIG},
  journal={arXiv preprint arXiv:1808.05530},
  year={2018}
}
@article{craig2017nonconvex,
  title={Nonconvex gradient flow in the {W}asserstein metric and applications to constrained nonlocal interactions},
  author={Craig, Katy},
  journal={Proceedings of the London Mathematical Society},
  volume={114},
  number={1},
  pages={60--102},
  year={2017},
  publisher={Wiley Online Library}
}
@article{bossy1997stochastic,
  title={A stochastic particle method for the {M}c{K}ean-{V}lasov and the {B}urgers equation},
  author={Bossy, Mireille and Talay, Denis},
  journal={Mathematics of Computation},
  volume={66},
  number={217},
  pages={157--192},
  year={1997}
}
@article{mckean1966class,
  title={A class of {M}arkov processes associated with nonlinear parabolic equations},
  author={McKean, HP},
  journal={Proceedings of the National Academy of Sciences of the United States of America},
  volume={56},
  number={6},
  pages={1907-1911},
  year={1966},
  publisher={National Academy of Sciences}
}
@incollection{sznitman1991topics,
  title={Topics in propagation of chaos},
  author={Sznitman, Alain-Sol},
  booktitle={Ecole d'{\'e}t{\'e} de probabilit{\'e}s de Saint-Flour XIX—1989},
  pages={165--251},
  year={1991},
  publisher={Springer}
}
@article{kondor1983method,
  title={Method of convergent weights—{A}n iterative procedure for solving {F}redholm's integral equations of the first kind},
  author={Kondor, A},
  journal={Nuclear Instruments and Methods in Physics Research},
  volume={216},
  number={1-2},
  pages={177--181},
  year={1983},
  publisher={Elsevier}
}